@misc{census,
    author = {U.S. Census Bureau},
    title = {2020 Census Apportionment Results},
    year = {2021},
    month = apr,
    day = {26},
    url = {https://www.census.gov/data/tables/2020/dec/2020-apportionment-data.html},
    note = {Accessed: 2021-04-26}
}
@misc{citibike,
    title = {Citi Bike System Data | Citi Bike NYC},
    author = {{Citi Bike NYC}},
    year = {n.d.},
    url = {https://citibikenyc.com/system-data},
    note = {Accessed: 2022-08-01}
}
@misc{nycguide,
    title = {New York City Travel Guide | Things to Do, Events, Hotels, Theater, Free},
    author = {{NYC Insider Guide}},
    year = {n.d.},
    url = {https://www.nycinsiderguide.com/},
    note = {Accessed: 2022-08-01}
}
@misc{tlc,
    title = {TLC Trip Record Data - TLC},
    author = {NYC TLC},
    year = {n.d.},
    url = {https://www.nyc.gov/site/tlc/about/tlc-trip-record-data.page},
    note = {Accessed: 2022-08-01}
}
@misc{visualcrossing,
    title = {Weather Data Services | Visual Crossing},
    author = {Visual Crossing},
    year = {n.d.},
    url = {https://www.visualcrossing.com/weather/weather-data-services},
    note = {Accessed: 2022-08-01}
}
@misc{latlong,
    title = {Where is New York City, NY, USA on Map Lat Long Coordinates},
    author = {LatLong.net},
    year = {n.d.},
    url = {https://www.latlong.net/place/new-york-city-ny-usa-1848.html},
    note = {Accessed: 2022-08-01}
}
@misc{LR,
    title = {MAST20008 Element of Data Processing, Lecture slides},
    author = {Hasti Samadi},
    year = {2023}
}
@misc{RFR,
    title = {MAST30027 Machine learning, Lecture slides},
    author = {Kris Ehinger},
    year = {2024}
}